@article{abbe2018community,
title = {Community detection and stochastic block models: {R}ecent developments},
author = {Abbe, Emmanuel},
journal = {Journal of Machine Learning Research},
volume = {18},
number = {177},
pages = {1--86},
year = {2018}
}

@article{contisciani2020community,
title = {Community detection with node attributes in multilayer networks},
author = {Contisciani, Martina and Power, Eleanor A. and De Bacco, Caterina},
journal = {Scientific Reports},
volume = {10},
pages = {15736},
year = {2020}
}

@article{geng2019probabilistic,
title = {Probabilistic community detection with unknown number of communities},
author = {Geng, Junxian and Bhattacharya, Anirban and Pati, Debdeep},
journal = {Journal of the American Statistical Association},
volume = {114},
number = {526},
pages = {893--905},
year = {2019}
}

@article{handcock2007model,
title = {Model-based clustering for social networks},
author = {Handcock, Mark S. and Raftery, Adrian E. and Tantrum Jeremy M.},
journal = {Journal of the Royal Statistical Society. Series A},
volume = {170},
number = {2},
pages = {307--354},
year = {2007}
}

@article{nowicki2001estimation,
title = {Estimation and prediction for stochastic blockstructures},
author = {Nowicki, Krzysztof and Snijders, Tom A. B.},
journal = {Journal of the American Statistical Association},
volume = {96},
number = {455},
pages = {1077--1087},
year = {2001}
}

@article{xu2022covariate,
title = {Covariate-assisted community detection in multi-layer networks},
author = {Xu, Shirong and Zhen, Yaoming and Wang, Junhui},
journal = {Journal of Business \& Economics},
volume = {},
number = {},
pages = {},
year = {2022},
note = {Doi: \url{https://doi.org/10.1080/07350015.2022.2085726}}
}

@article{yan2021covariate,
title = {Covariate regularized community detection in sparse graphs},
author = {Yan, Bowei and Sarkar, Purnamrita},
journal = {Journal of the American Statistical Association},
volume = {116},
number = {534},
pages = {734--745},
year = {2021}
}

@inproceedings{yang2013community,
title = {Community detection in networks with node attributes},
author = {Yang, Jaewon and McAuley, Julian and Leskovec, Jure},
booktitle = {IEEE 13th International Conference on Data Mining (ICDM)},
publisher = {IEEE},
address = {Dallas, TX, USA},
pages = {1151--1156},
year = {2013}
}

@article{zhang2016community,
title = {Community detection in networks with node features},
author = {Zhang, Yuan and Levina, Elizaveta and Zhu, Ji},
journal = {Electronic Journal of Statistics},
volume = {10},
number = {2},
pages = {3153--3178},
year = {2016}
}